This file was created with JabRef 2.1.
Encoding: Cp1252

@ARTICLE{Chun2005,
  author = {Chun Ouyang, H.M.W. Verbeek, Wil M.P. van der Aalst, Stephan W. Breutel,
	Marlon Dumas, und Arthur H.M. ter Hofstede},
  title = {Formal Semantics and Analysis of Control Flow in WS-BPEL},
  journal = {Technical Report BPM-5-13, BPM Center},
  year = {2005},
  owner = {Alex},
  timestamp = {2007.06.08}
}

@ARTICLE{Dieter,
  author = {Dieter König, IBM Senior Technical Staff Member},
  title = {WS-BPEL 2.0. Language Constructs Overview},
  owner = {Alex},
  timestamp = {2007.06.18}
}

@MASTERARBEIT{Dul2005,
  author = {Przemyslaw Dul},
  title = {Entwicklung eines Tools zur Messung von
	
	Testabdeckungen},
  year = {2005},
  school = {Gottfried Wilhelm Leibniz Universität Hannover},
  type = {Masterarbeit},
  month = {Oktober},
  owner = {Alex},
  timestamp = {2006.12.12}
}

@ARTICLE{Kaner1995,
  author = {Cem Kaner},
  title = {Software Negligence and Testing Coverage},
  year = {1995},
  owner = {Alex},
  timestamp = {2006.12.13}
}

@ARTICLE{Li2005,
  author = {Li, Z., Sun, W., Jiang, Z. B., \& Zhang, X.},
  title = {BPEL4WS Unit Testing: Framework and
	
	Implementation.},
  journal = {IEEE International Conference on Web Services (ICWS'05)},
  year = {2005},
  pages = {103-110},
  owner = {Alex},
  timestamp = {2007.06.08}
}

@BOOK{Liggesmeyer2002,
  title = {Software-Qualität},
  publisher = {Spektrum, Akad. Verl.},
  year = {2002},
  author = {Peter Liggesmeyer},
  owner = {Alex},
  timestamp = {2006.12.13}
}

@ARTICLE{LuebketestSOA,
  author = {Daniel Lübke},
  title = {Test and Analysis of Service-oriented Systems, chapter Unit Testing
	BPEL Compositions.},
  journal = {Springer,},
  year = {to be published in 2007.},
  owner = {Alex},
  timestamp = {2007.06.20}
}

@ARTICLE{MayerBPELUnit,
  author = {Philip Mayer},
  title = {WWW: http://www.bpelunit.org},
  journal = {2006},
  owner = {Alex},
  timestamp = {2007.06.20}
}

@MASTERARBEIT{Mayer2006,
  author = {Philip Mayer},
  title = {Design and Implementation of a Framework for Testing BPEL Compositions},
  year = {2006},
  school = {Gottfried Wilhelm Leibniz Universität Hannover},
  type = {Masterarbeit},
  month = {September},
  owner = {Alex},
  timestamp = {2006.11.30}
}

@ARTICLE{Mayer,
  author = {Philip Mayer and Daniel Lübke},
  title = {Towards a BPEL unit testing framework. In TAVWEB’06: Proceedings
	of the 2006 workshop on Testing, analysis, and verification of web
	services and applications, Portland, USA,},
  volume = {New York, NY,
	
	USA, 2006. ACM Press},
  pages = {33-42},
  owner = {Alex},
  timestamp = {2007.06.20}
}

@ARTICLE{MyersJune2004,
  author = {Glenford J. Myers and Corey Sandler},
  title = {The Art of Software Testing.},
  journal = {Wiley \& Sons, 2nd edition},
  year = {June 2004},
  owner = {Alex},
  timestamp = {2007.06.20}
}

@ARTICLE{BPEL2.0,
  author = {OASIS},
  title = {Web Services Business Process Execution Language Version 2.0, Committee
	Specification},
  year = {January 2007},
  owner = {Alex},
  timestamp = {2007.06.20}
}

@ARTICLE{THOMAS2005,
  author = {THOMAS KÄMMERER, FALK NICKENIG, CHRISTIAN TAUWEL},
  title = {Der Service-Architekt als Brückenbauer},
  journal = {Javamagazin},
  year = {2005},
  volume = {9},
  pages = {30-39},
  owner = {Alex},
  timestamp = {2007.05.16}
}

@ARTICLE{BPEL1.1,
  author = {Tony Andrews, Francisco Curbera, Hitesh Dholakia, Yaron Goland, Johannes
	Klein, Frank Leymann, Kevin Liu, Dieter Roller, Doug Smith, Satish
	Thatte, Ivana Trickovic, Sanjiva Weerawarana,},
  title = {Business Process Execution Language for Web Services Version 1.1},
  year = {May 2003},
  owner = {Alex},
  timestamp = {2007.06.20}
}

@ARTICLE{Wang2006,
  author = {Dapeng Wang},
  title = {Alles erwischt.Einführung in die Code-Coverage-Analyse.},
  journal = {Javamagazin},
  year = {2006},
  volume = {7},
  owner = {Alex},
  timestamp = {2006.12.13}
}

@ARTICLE{WikiSOA,
  author = {Wikipedia},
  title = {Serviceorientierte Architektur},
  year = {23.01.2006},
  owner = {Alex},
  timestamp = {2007.05.16}
}

@ARTICLE{Winkler2003,
  author = {Sabine Winkler},
  title = {Cover your world!},
  year = {2003},
  owner = {Alex},
  timestamp = {2006.12.13}
}

@ARTICLE{ZhuDataAdequancy,
  author = {Hong Zhu and P.A.V. Hall},
  title = {Test data adequacy measurement.},
  journal = {The IEE Software Engineering Journal, 8(1)},
  volume = {January 1993},
  pages = {21-39},
  owner = {Alex},
  timestamp = {2007.06.20}
}

@ARTICLE{Zhu1997,
  author = {Zhu, Hong, Patrick A.V. and John H.R. May},
  title = {Software Unit Test Coverage and Adequacy},
  journal = {ACM Comput. Surv.},
  year = {1997},
  volume = {29(4)},
  pages = {366-427},
  owner = {Alex},
  timestamp = {2007.06.14}
}

@comment{jabref-entrytype: Masterarbeit: req[author;title;year;school;type] opt[month]}

